<?xml version="1.0" encoding="UTF-8"?><record xmlns="http://www.loc.gov/MARC21/slim" xmlns:cinclude="http://apache.org/cocoon/include/1.0" xmlns:zs="http://www.loc.gov/zing/srw/">
  <leader>02276nz  a2200277n  4500</leader>
  <controlfield tag="001">no2015081136</controlfield>
  <controlfield tag="003">DLC</controlfield>
  <controlfield tag="005">20150620073505.0</controlfield>
  <controlfield tag="008">150618n| azannaabn          |a aaa     c</controlfield>
  <datafield tag="010" ind1=" " ind2=" ">
    <subfield code="a">no2015081136</subfield>
  </datafield>
  <datafield tag="024" ind1="8" ind2=" ">
    <subfield code="a">ScopusID: 6507554074</subfield>
  </datafield>
  <datafield tag="024" ind1="8" ind2=" ">
    <subfield code="a">ScopusID: 56586127000</subfield>
  </datafield>
  <datafield tag="035" ind1=" " ind2=" ">
    <subfield code="a">(OCoLC)oca10196579</subfield>
  </datafield>
  <datafield tag="040" ind1=" " ind2=" ">
    <subfield code="a">AuClM</subfield>
    <subfield code="b">eng</subfield>
    <subfield code="e">rda</subfield>
    <subfield code="c">AuClM</subfield>
  </datafield>
  <datafield tag="100" ind1="1" ind2=" ">
    <subfield code="a">Clulow, Valerie</subfield>
  </datafield>
  <datafield tag="370" ind1=" " ind2=" ">
    <subfield code="c">Australia</subfield>
    <subfield code="e">Melbourne (Vic.)</subfield>
    <subfield code="2">naf</subfield>
  </datafield>
  <datafield tag="372" ind1=" " ind2=" ">
    <subfield code="a">Business education</subfield>
    <subfield code="a">Marketing</subfield>
    <subfield code="a">Retail trade--Management</subfield>
    <subfield code="a">Executives--Training of</subfield>
    <subfield code="2">lcsh</subfield>
  </datafield>
  <datafield tag="373" ind1=" " ind2=" ">
    <subfield code="a">Monash University. School of Business and Economics</subfield>
  </datafield>
  <datafield tag="373" ind1=" " ind2=" ">
    <subfield code="a">RMIT University. College of Business</subfield>
    <subfield code="s">2011</subfield>
  </datafield>
  <datafield tag="374" ind1=" " ind2=" ">
    <subfield code="a">College teachers</subfield>
    <subfield code="2">lcsh</subfield>
  </datafield>
  <datafield tag="374" ind1=" " ind2=" ">
    <subfield code="a">Academic</subfield>
    <subfield code="a">Research scientist</subfield>
  </datafield>
  <datafield tag="375" ind1=" " ind2=" ">
    <subfield code="a">female</subfield>
  </datafield>
  <datafield tag="377" ind1=" " ind2=" ">
    <subfield code="a">eng</subfield>
  </datafield>
  <datafield tag="400" ind1="1" ind2=" ">
    <subfield code="a">Clulow, Val</subfield>
  </datafield>
  <datafield tag="670" ind1=" " ind2=" ">
    <subfield code="a">The Tourism Market's Response to the 2009 Black Saturday Bushfires: The Case of Gippsland, 2010 :</subfield>
    <subfield code="b">(Gabrielle Walters, Valerie Clulow; authors of journal article, Journal of Travel &amp; Tourism Marketing , vol. 27, no. 8, pp. 844-857, 2010)</subfield>
  </datafield>
  <datafield tag="670" ind1=" " ind2=" ">
    <subfield code="a">CGPublisher website, viewed 11 June 2015 :</subfield>
    <subfield code="b">(Professor Val Clulow joined the College of Business, at RMIT University in October 2011, as Deputy Pro Vice-Chancellor, Learning and Teaching. Professor Clulow has previously held a number of senior management positions within business faculties at Australian universities and prior to joining RMIT University she was Professor and Head, School of Business and Economics, Monash University, Gippsland/Campus Director Global Engagement for 7 years. Prior to her academic career, Professor Clulow had extensive industry experience in retail management training and consultancy. Professor Clulow holds a PhD from the University of Melbourne (Centre for Studies in Higher Education) and has published widely across three areas - business education, marketing and business strategy and undertaken several industry/government consultancies. She is a trained teacher and holds a Masters degree in Education (distance education) from the University of South Australia. She has supervised staff and research students extensively to PhD completion, co-authored and received special commendation for developing research capacity.</subfield>
    <subfield code="u">http://valclulow.cgpublisher.com/biography.html</subfield>
  </datafield>
</record>